<record><leader>00000cas a22000007a 4500</leader><controlfield tag="001">18806579</controlfield><controlfield tag="008">881128d18991905mouwr ne      0    0eng d</controlfield><datafield ind1=" " ind2=" " tag="010"><subfield code="a">sn 88068105 </subfield></datafield><datafield ind1=" " ind2=" " tag="040"><subfield code="a">MQN</subfield><subfield code="b">eng</subfield><subfield code="c">MQN</subfield><subfield code="d">OCLCQ</subfield></datafield><datafield ind1="0" ind2="0" tag="245"><subfield code="a">Oregon County south Missourian.</subfield></datafield><datafield ind1="1" ind2="3" tag="246"><subfield code="a">Alton Missourian</subfield></datafield><datafield ind1="1" ind2="3" tag="246"><subfield code="a">South Missourian</subfield></datafield><datafield ind1=" " ind2=" " tag="260"><subfield code="a">Alton, Mo. :</subfield><subfield code="b">S.B. Sproule,</subfield><subfield code="c">1899-1905.</subfield></datafield><datafield ind1=" " ind2=" " tag="300"><subfield code="a">v.</subfield></datafield><datafield ind1=" " ind2=" " tag="310"><subfield code="a">Weekly</subfield></datafield><datafield ind1="0" ind2=" " tag="362"><subfield code="a">27th year, no. 14 (May 25, 1899)-v. 35, no. 25 (Aug. 3, 1905).</subfield></datafield><datafield ind1=" " ind2=" " tag="752"><subfield code="a">United States</subfield><subfield code="b">Missouri</subfield><subfield code="c">Oregon</subfield><subfield code="d">Alton.</subfield></datafield><datafield ind1="0" ind2="0" tag="780"><subfield code="t">South Missourian (Alton, Mo. : 1871)</subfield><subfield code="w">(DLC)sn 83016855</subfield></datafield><datafield ind1="0" ind2="0" tag="785"><subfield code="t">South Missourian (Alton, Mo. : 1905)</subfield><subfield code="w">(DLC)sn 88068106</subfield></datafield></record>